<?xml version="1.0" encoding="UTF-8"?><record xmlns="http://www.loc.gov/MARC21/slim" xmlns:cinclude="http://apache.org/cocoon/include/1.0" xmlns:zs="http://www.loc.gov/zing/srw/">
  <leader>00544cz  a2200145n  4500</leader>
  <controlfield tag="001">n  84075082 </controlfield>
  <controlfield tag="003">DLC</controlfield>
  <controlfield tag="005">19960124054228.5</controlfield>
  <controlfield tag="008">840628n| acannaab|          |n aaa |||  </controlfield>
  <datafield tag="010" ind1=" " ind2=" ">
    <subfield code="a">n  84075082 </subfield>
  </datafield>
  <datafield tag="035" ind1=" " ind2=" ">
    <subfield code="a">(OCoLC)oca01153225 </subfield>
  </datafield>
  <datafield tag="040" ind1=" " ind2=" ">
    <subfield code="a">DLC</subfield>
    <subfield code="c">DLC</subfield>
    <subfield code="d">PPPrHi</subfield>
  </datafield>
  <datafield tag="100" ind1="1" ind2="0">
    <subfield code="a">Kirkland, Bryant M.</subfield>
  </datafield>
  <datafield tag="670" ind1=" " ind2=" ">
    <subfield code="a">His A pattern for faith, 1982:</subfield>
    <subfield code="b">t.p. (Bryant M. Kirkland) p. xii (Dr. Kirkland; Christian minister; since 1962, served the Fifth Avenue Presbyterian Church, New York)</subfield>
  </datafield>
  <datafield tag="670" ind1=" " ind2=" ">
    <subfield code="a">RLA database, 12/20/95</subfield>
    <subfield code="b">(hdg.: Kirkland, Bryant Mays, 1914- )</subfield>
  </datafield>
</record>